<record><leader>00000cas a2200000 a 4500</leader><controlfield tag="001">33141436</controlfield><controlfield tag="008">950915d18uu1uuuflucr ne      0    0eng c</controlfield><datafield ind1=" " ind2=" " tag="010"><subfield code="a">sn 95026700 </subfield></datafield><datafield ind1=" " ind2=" " tag="040"><subfield code="a">FUG</subfield><subfield code="b">eng</subfield><subfield code="c">FUG</subfield><subfield code="d">OCLCQ</subfield><subfield code="d">FUG</subfield><subfield code="d">OCLCQ</subfield><subfield code="d">OCLCF</subfield><subfield code="d">OCLCO</subfield></datafield><datafield ind1=" " ind2=" " tag="012"><subfield code="i">9509</subfield></datafield><datafield ind1="1" ind2=" " tag="029"><subfield code="a">AU@</subfield><subfield code="b">000025891476</subfield></datafield><datafield ind1=" " ind2=" " tag="042"><subfield code="a">pcc</subfield></datafield><datafield ind1=" " ind2=" " tag="043"><subfield code="a">n-us-fl</subfield></datafield><datafield ind1="0" ind2=" " tag="130"><subfield code="a">Fernandina news (Fernandina, Fla. : 1891)</subfield></datafield><datafield ind1="1" ind2="0" tag="245"><subfield code="a">Fernandina news.</subfield></datafield><datafield ind1=" " ind2=" " tag="260"><subfield code="a">Fernandina, Fla. :</subfield><subfield code="b">H.P. Trimble</subfield></datafield><datafield ind1=" " ind2=" " tag="300"><subfield code="a">v.</subfield></datafield><datafield ind1=" " ind2=" " tag="310"><subfield code="a">Semiweekly,</subfield><subfield code="b">&lt;1896&gt;</subfield></datafield><datafield ind1=" " ind2=" " tag="321"><subfield code="a">Triweekly,</subfield><subfield code="b">&lt;1891-1894&gt;</subfield></datafield><datafield ind1=" " ind2=" " tag="500"><subfield code="a">Publisher: S.W. Manucy, &lt;1894-1896&gt;.</subfield></datafield><datafield ind1=" " ind2=" " tag="515"><subfield code="a">Numbering is irregular.</subfield></datafield><datafield ind1="1" ind2=" " tag="520"><subfield code="a">The current News-Leader [LCCN: sn78002171] published in Fernandina (FL) bills itself as "Florida's oldest weekly newspaper". The News-Leader traces its lineage back to the original Fernandina (FL) News [LCCN: sn95026700], a semiweekly and sometimes triweekly. Between 1894 and 1896, the Fernandina News was edited by S.W. Manucy. The Fernandina News, edited by Manucy, continued as simply the News [LCCN: sn95047163] until 1910. Manucy served as Tax Assessor for Nassau County, Florida throughout his tenure as editor. In 1910, the Fernandina News merged with the Fernandina (FL) Record [LCCN: sn95026708] (published 1907-1910) to become the Fernandina (FL) News-Record [LCCN: sn95026702], continuing under this title until 1920 when another merger yielded the Nassau County (FL) Leader and Fernandina News-Record [LCCN: sn95026704]. This long title was shortened, in 1925, to the Nassau County (FL) Leader [LCCN: sn95026701], which published until 1939 when the paper's name reverted to Fernandina News [LCCN: sn95047162], now edited by Howard Davis. In the late 1940s, the Fernandina News became the Fernandina News-Leader [LCCN: sn95026705] and subsequently the Fernandina Beach (FL) News-Leader [LCCN: sn95026706], a weekly published from 1959 through 1980 by John H. Perry and edited by E.R. Maples. In 1980 the paper became known simply as the News-Leader.--E. Kesse, University of Florida Digital Library Center.</subfield></datafield><datafield ind1=" " ind2=" " tag="588"><subfield code="a">Description based on: Vol. 5, no. 15 (Mar. 3, 1891).</subfield></datafield><datafield ind1=" " ind2=" " tag="588"><subfield code="a">Latest issue consulted: Vol. 18, no. 38 (Jan. 17, 1896).</subfield></datafield><datafield ind1=" " ind2="0" tag="651"><subfield code="a">Fernandina (Fla.)</subfield><subfield code="v">Newspapers.</subfield></datafield><datafield ind1=" " ind2="0" tag="651"><subfield code="a">Nassau County (Fla.)</subfield><subfield code="v">Newspapers.</subfield></datafield><datafield ind1=" " ind2="7" tag="655"><subfield code="a">Newspapers.</subfield><subfield code="2">fast</subfield><subfield code="0">(OCoLC)fst01423814</subfield></datafield><datafield ind1=" " ind2="7" tag="651"><subfield code="a">Florida</subfield><subfield code="z">Fernandina.</subfield><subfield code="2">fast</subfield><subfield code="0">(OCoLC)fst01219290</subfield></datafield><datafield ind1=" " ind2="7" tag="651"><subfield code="a">Florida</subfield><subfield code="z">Nassau County.</subfield><subfield code="2">fast</subfield><subfield code="0">(OCoLC)fst01218432</subfield></datafield><datafield ind1=" " ind2=" " tag="752"><subfield code="a">United States</subfield><subfield code="b">Florida</subfield><subfield code="c">Nassau</subfield><subfield code="d">Fernandina.</subfield></datafield><datafield ind1="0" ind2="0" tag="785"><subfield code="t">News (Fernandina, Fla.)</subfield><subfield code="w">(DLC)sn 95047163</subfield><subfield code="w">(OCoLC)33141692</subfield></datafield><datafield ind1=" " ind2=" " tag="850"><subfield code="a">FU</subfield></datafield></record>